@article{lin2017survey,
  title={A survey on internet of things: Architecture, enabling technologies, security and privacy, and applications},
  author={Lin, Jie and Yu, Wei and Zhang, Nan and Yang, Xinyu and Zhang, Hanlin and Zhao, Wei},
  journal={IEEE internet of things journal},
  volume={4},
  number={5},
  pages={1125--1142},
  year={2017},
  publisher={IEEE}
}

@article{mohammadi2018enabling,
  title={Enabling cognitive smart cities using big data and machine learning: Approaches and challenges},
  author={Mohammadi, Mehdi and Al-Fuqaha, Ala},
  journal={IEEE Communications Magazine},
  volume={56},
  number={2},
  pages={94--101},
  year={2018},
  publisher={IEEE}
}

@article{sun2019application,
  title={Application of machine learning in wireless networks: Key techniques and open issues},
  author={Sun, Yaohua and Peng, Mugen and Zhou, Yangcheng and Huang, Yuzhe and Mao, Shiwen},
  journal={IEEE Communications Surveys \& Tutorials},
  volume={21},
  number={4},
  pages={3072--3108},
  year={2019},
  publisher={IEEE}
}

@article{cisco,
  title={Cisco Global Cloud Index 2016-2021},
  journal={\url{https://www.cisco.com/c/en/us/solutions/executive-perspectives/annual-internet-report/index.html}}
}

@article{granjal2015security,
  title={Security for the internet of things: a survey of existing protocols and open research issues},
  author={Granjal, Jorge and Monteiro, Edmundo and Silva, Jorge S{\'a}},
  journal={IEEE Communications Surveys \& Tutorials},
  volume={17},
  number={3},
  pages={1294--1312},
  year={2015},
  publisher={IEEE}
}

@article{konevcny2016federated,
  title={Federated learning: Strategies for improving communication efficiency},
  author={Kone{\v{c}}n{\`y}, Jakub and McMahan, H Brendan and Yu, Felix X and Richt{\'a}rik, Peter and Suresh, Ananda Theertha and Bacon, Dave},
  journal={arXiv preprint arXiv:1610.05492},
  year={2016}
}

@article{nguyen2021federated,
  title={Federated learning for internet of things: A comprehensive survey},
  author={Nguyen, Dinh C and Ding, Ming and Pathirana, Pubudu N and Seneviratne, Aruna and Li, Jun and Poor, H Vincent},
  journal={IEEE Communications Surveys \& Tutorials},
  volume={23},
  number={3},
  pages={1622--1658},
  year={2021},
  publisher={IEEE}
}

@article{cisco2,
  title={Cisco Annual Internet Report 2018–2023},
  journal={\url{https://www.cisco.com/c/en/us/solutions/collateral/executive-perspectives/annual-internet-report/white-paper-c11-741490.html}}
}

@article{teachingUnipi,
  title={TEACHING UniPi Project},
  journal={\url{https://www.unipi.it/index.php/risultati-e-prodotti/item/17229-teaching}}
}

@article{lukovsevivcius2009reservoir,
  title={Reservoir computing approaches to recurrent neural network training},
  author={Luko{\v{s}}evi{\v{c}}ius, Mantas and Jaeger, Herbert},
  journal={Computer Science Review},
  volume={3},
  number={3},
  pages={127--149},
  year={2009},
  publisher={Elsevier}
}

@article{doya1992bifurcations,
  title={Bifurcations in the learning of recurrent neural networks 3},
  author={Doya, Kenji and others},
  journal={learning (RTRL)},
  volume={3},
  pages={17},
  year={1992},
  publisher={Citeseer}
}

@article{bengio1994learning,
  title={Learning long-term dependencies with gradient descent is difficult},
  author={Bengio, Yoshua and Simard, Patrice and Frasconi, Paolo},
  journal={IEEE transactions on neural networks},
  volume={5},
  number={2},
  pages={157--166},
  year={1994},
  publisher={IEEE}
}

@article{gers2000learning,
  title={Learning to forget: Continual prediction with LSTM},
  author={Gers, Felix A and Schmidhuber, J{\"u}rgen and Cummins, Fred},
  journal={Neural computation},
  volume={12},
  number={10},
  pages={2451--2471},
  year={2000},
  publisher={MIT Press}
}

@article{maass2002real,
  title={Real-time computing without stable states: A new framework for neural computation based on perturbations},
  author={Maass, Wolfgang and Natschl{\"a}ger, Thomas and Markram, Henry},
  journal={Neural computation},
  volume={14},
  number={11},
  pages={2531--2560},
  year={2002},
  publisher={MIT Press}
}

@article{jaeger2001echo,
  title={The “echo state” approach to analysing and training recurrent neural networks-with an erratum note},
  author={Jaeger, Herbert},
  journal={Bonn, Germany: German National Research Center for Information Technology GMD Technical Report},
  volume={148},
  number={34},
  pages={13},
  year={2001},
  publisher={Bonn}
}

@article{jaeger2007echo,
  title={Echo state network},
  author={Jaeger, Herbert},
  journal={scholarpedia},
  volume={2},
  number={9},
  pages={2330},
  year={2007}
}

@inproceedings{bacciu2021federated,
  title={Federated reservoir computing neural networks},
  author={Bacciu, Davide and Di Sarli, Daniele and Faraji, Pouria and Gallicchio, Claudio and Micheli, Alessio},
  booktitle={2021 International Joint Conference on Neural Networks (IJCNN)},
  pages={1--7},
  year={2021},
  organization={IEEE}
}

@inproceedings{mcmahan2017communication,
  title={Communication-efficient learning of deep networks from decentralized data},
  author={McMahan, Brendan and Moore, Eider and Ramage, Daniel and Hampson, Seth and y Arcas, Blaise Aguera},
  booktitle={Artificial intelligence and statistics},
  pages={1273--1282},
  year={2017},
  organization={PMLR}
}

@article{poushter2016smartphone,
  title={Smartphone ownership and internet usage continues to climb in emerging economies},
  author={Poushter, Jacob and others},
  journal={Pew research center},
  volume={22},
  number={1},
  pages={1--44},
  year={2016},
  publisher={Washington, DC, USA:}
}

@article{anderson2015technology,
  title={Technology device ownership: 2015},
  author={Anderson, Monica},
  year={2015},
  publisher={Pew Research Center}
}

@article{chen2016revisiting,
  title={Revisiting distributed synchronous SGD},
  author={Chen, Jianmin and Pan, Xinghao and Monga, Rajat and Bengio, Samy and Jozefowicz, Rafal},
  journal={arXiv preprint arXiv:1604.00981},
  year={2016}
}

@article{shoham2019overcoming,
  title={Overcoming forgetting in federated learning on non-iid data},
  author={Shoham, Neta and Avidor, Tomer and Keren, Aviv and Israel, Nadav and Benditkis, Daniel and Mor-Yosef, Liron and Zeitak, Itai},
  journal={arXiv preprint arXiv:1910.07796},
  year={2019}
}

@article{kirkpatrick2017overcoming,
  title={Overcoming catastrophic forgetting in neural networks},
  author={Kirkpatrick, James and Pascanu, Razvan and Rabinowitz, Neil and Veness, Joel and Desjardins, Guillaume and Rusu, Andrei A and Milan, Kieran and Quan, John and Ramalho, Tiago and Grabska-Barwinska, Agnieszka and others},
  journal={Proceedings of the national academy of sciences},
  volume={114},
  number={13},
  pages={3521--3526},
  year={2017},
  publisher={National Acad Sciences}
}

@article{pronzato2013design,
  title={Design of experiments in nonlinear models},
  author={Pronzato, Luc and P{\'a}zman, Andrej},
  journal={Lecture notes in statistics},
  volume={212},
  pages={1},
  year={2013},
  publisher={Springer}
}

@article{chalapathy2019deep,
  title={Deep learning for anomaly detection: A survey},
  author={Chalapathy, Raghavendra and Chawla, Sanjay},
  journal={arXiv preprint arXiv:1901.03407},
  year={2019}
}

@article{chandola2007outlier,
  title={Outlier detection: A survey},
  author={Chandola, Varun and Banerjee, Arindam and Kumar, Vipin},
  journal={ACM Computing Surveys},
  volume={14},
  pages={15},
  year={2007}
}

@incollection{aggarwal2017introduction,
  title={An introduction to outlier analysis},
  author={Aggarwal, Charu C},
  booktitle={Outlier analysis},
  pages={1--34},
  year={2017},
  publisher={Springer}
}

@inproceedings{schmidt2018introducing,
  title={Introducing wesad, a multimodal dataset for wearable stress and affect detection},
  author={Schmidt, Philip and Reiss, Attila and Duerichen, Robert and Marberger, Claus and Van Laerhoven, Kristof},
  booktitle={Proceedings of the 20th ACM international conference on multimodal interaction},
  pages={400--408},
  year={2018}
}

@article{reddi2020adaptive,
  title={Adaptive federated optimization},
  author={Reddi, Sashank and Charles, Zachary and Zaheer, Manzil and Garrett, Zachary and Rush, Keith and Kone{\v{c}}n{\`y}, Jakub and Kumar, Sanjiv and McMahan, H Brendan},
  journal={arXiv preprint arXiv:2003.00295},
  year={2020}
}

@article{lecun1989optimal,
  title={Optimal brain damage},
  author={LeCun, Yann and Denker, John and Solla, Sara},
  journal={Advances in neural information processing systems},
  volume={2},
  year={1989}
}